@phdthesis{meirelles2013,
    author = {Meirelles, Paulo Roberto Miranda},
    title = {Monitoramento de métricas de código-fonte em projetos de software livre},
    university = {Universidade de São Paulo},
    year = {2013},
    type = {Thesis},
    url = {http://www.teses.usp.br/teses/disponiveis/45/45134/tde-27082013-090242/pt-br.php}
}

@article{north2006,
    author = {North, Dan},
    title = {Introducing {BDD}},
    year = {2006},
    journal = {Better Software},
    url = {http://dannorth.net/introducing-bdd/bdd}
}

@mastersthesis{corbucci2011,
    author = {Hugo Corbucci},
    title = {CorbucciMétodos ágeis e software livre: um estudo da relação entre estas duas comunidades},
    year = {2011},
    school = {Instituto de Ciências Matemáticas e de Computação da Universidade de São Paulo}
}

@article{fowler2000,
    author = {Fowler, Martin},
    title = {The New Methodology},
    year = {2000},
    note = {Original version},
    url = {http://www.martinfowler.com/articles/newMethodologyOriginal.html}
}
